@movie{divingbell2007,
    title={The Diving Bell and the Butterfly},
    year={2007},
    producer={Kennedy, K. and Kilik, J.},
    director={Schnabel, J.},
    entrysubtype={Motion Picture},
    publisher={France: Path\'{e}/Miramax Films}
}
