@Book{AlKarapan,
author = {Καραπαναγοπούλου, Αλέξανδρος Κ.},
title = {Η Μεγάλη Σύνοδος της Ορθοδόξου Ανατολικής Εκκλησίας},
publisher = {auto-édition},
date = {1990/1998},
volumes = {6},
address = {Αθήνα},
langid={greek},
}
@Inbook{CypinIstorijaRPC,
author = {Владислав Цыпин},
title = {История Русской Церкви 1917--1997},
chapter = {VIII},
publisher = {Издательство Спасо-Преображенского Валаамского монастыря},
address = {Москва},
date = {1997},
urldate = {2010-10-25},
url = {http://old.pravoslavie.by/podpod.asp?id=135&Session=10},
langid={russian},
}
